<record><leader>00000cas a22000007a 4500</leader><controlfield tag="001">38600222</controlfield><controlfield tag="008">980313d191u19uucauwr ne      0    0eng d</controlfield><datafield ind1=" " ind2=" " tag="010"><subfield code="a">sn 98061801 </subfield></datafield><datafield ind1=" " ind2=" " tag="040"><subfield code="a">CNK</subfield><subfield code="b">eng</subfield><subfield code="c">CNK</subfield><subfield code="d">OCLCQ</subfield><subfield code="d">CNK</subfield><subfield code="d">OCLCQ</subfield></datafield><datafield ind1=" " ind2=" " tag="042"><subfield code="a">msc</subfield></datafield><datafield ind1="0" ind2=" " tag="130"><subfield code="a">Laton Argus (Laton, Calif. :1913)</subfield></datafield><datafield ind1="1" ind2="4" tag="245"><subfield code="a">The Laton Argus.</subfield></datafield><datafield ind1=" " ind2=" " tag="260"><subfield code="a">Laton, Fresno County, Calif. :</subfield><subfield code="b">C.H. Hartson</subfield></datafield><datafield ind1=" " ind2=" " tag="300"><subfield code="a">v.</subfield></datafield><datafield ind1=" " ind2=" " tag="310"><subfield code="a">Weekly</subfield></datafield><datafield ind1=" " ind2=" " tag="530"><subfield code="a">Master negatives are available for duplication from:</subfield><subfield code="b">California Newspaper Microfilm Archive;</subfield><subfield code="c">positive copies may be purchased by the reel; for further information consult the CNMA at:</subfield><subfield code="u">http://cbsr.ucr.edu</subfield></datafield><datafield ind1=" " ind2=" " tag="588"><subfield code="a">Description based on: Vol. 12, no. 157 (Jan. 2, 1913).</subfield></datafield><datafield ind1=" " ind2="4" tag="651"><subfield code="a">Laton (Calif.)</subfield><subfield code="v">Newspapers.</subfield></datafield><datafield ind1=" " ind2=" " tag="752"><subfield code="a">United States</subfield><subfield code="b">California</subfield><subfield code="c">Fresno</subfield><subfield code="d">Laton.</subfield></datafield><datafield ind1="0" ind2="0" tag="780"><subfield code="t">Laton weekly Argus</subfield><subfield code="w">(DLC)sn 92069005</subfield></datafield><datafield ind1="1" ind2=" " tag="029"><subfield code="a">AU@</subfield><subfield code="b">000013777645</subfield></datafield></record>